<?xml version="1.0" encoding="utf-8"?>
<record xmlns="http://www.loc.gov/MARC21/slim" xmlns:xsi="http://www.w3.org/2001/XMLSchema-instance" xsi:schemaLocation="http://www.loc.gov/MARC21/slim http://www.loc.gov/standards/marcxml/schema/MARC21slim.xsd">
	<leader>     nam a22     Mi 4500</leader>
	<controlfield tag="001">323141</controlfield>
	<controlfield tag="003">NjP</controlfield>
	<controlfield tag="006">m        d        </controlfield>
	<controlfield tag="007">cr cn |||m|||a</controlfield>
	<controlfield tag="008">191101s1886    ua      o     000 0 araod</controlfield>
	<datafield ind1=" " ind2=" " tag="040">
		<subfield code="a">ZYU</subfield>
		<subfield code="b">ara</subfield>
		<subfield code="e">rda</subfield>
		<subfield code="c">ZYU</subfield>
	</datafield>
	<datafield ind1="1" ind2=" " tag="041">
		<subfield code="a">ara</subfield>
		<subfield code="h">fre</subfield>
	</datafield>
	<datafield ind1=" " ind2=" " tag="043">
		<subfield code="a">f-ua---</subfield>
	</datafield>
	<datafield ind1=" " ind2="4" tag="050">
		<subfield code="a">HD976</subfield>
		<subfield code="b">.A81125 1888</subfield>
	</datafield>
	<datafield ind1="1" ind2=" " tag="100">
		<subfield code="6">880-01</subfield>
		<subfield code="a">Artin, Yacoub,</subfield>
		<subfield code="d">1842-1919,</subfield>
		<subfield code="e">author.</subfield>
	</datafield>
	<datafield ind1="1" ind2="0" tag="240">
		<subfield code="a">Propriété foncière en Égypte.</subfield>
		<subfield code="l">Arabic</subfield>
	</datafield>
	<datafield ind1="1" ind2="3" tag="245">
		<subfield code="6">880-02</subfield>
		<subfield code="a">al-Aḥkām al-marʻīyah fī shaʼn al-arāḍī al-Miṣrīyah /</subfield>
		<subfield code="c">li-muʼallifihi ṣāḥib al-saʻādah Yaʻqūb Artīn Bāshā, wakīl Niẓārat al-Maʻārif al-jalīlah sābiqan wa-al-ʻuḍw al-waṭanī al-ḥālī fī majlis Idārat al-Sikkah al-ḥadīdīyah ; muʻarrab bi-qalam al-faqīr ilayh taʻālá Saʻīd ʻAmmūn, bi-musāʻadat saʻādat al-muʼallif.</subfield>
	</datafield>
	<datafield ind1=" " ind2=" " tag="250">
		<subfield code="6">880-03</subfield>
		<subfield code="a">al-Ṭabʻah al-ūlá.</subfield>
	</datafield>
	<datafield ind1=" " ind2="1" tag="264">
		<subfield code="6">880-04</subfield>
		<subfield code="a">Būlāq, Miṣr :</subfield>
		<subfield code="b">bi-al-Maṭbaʻah al-Kubrá al-Amīrīyah bi-Būlāq Miṣr al-Maḥmīyah,</subfield>
		<subfield code="c">1306 Hijrayah [1888]</subfield>
	</datafield>
	<datafield ind1=" " ind2=" " tag="300">
		<subfield code="a">online resource (233, 5 pages)</subfield>
	</datafield>
	<datafield ind1=" " ind2=" " tag="336">
		<subfield code="a">text</subfield>
		<subfield code="2">rdacontent</subfield>
	</datafield>
	<datafield ind1=" " ind2=" " tag="337">
		<subfield code="a">computer</subfield>
		<subfield code="2">rdamedia</subfield>
	</datafield>
	<datafield ind1=" " ind2=" " tag="338">
		<subfield code="a">online resource</subfield>
		<subfield code="2">rdacarrier</subfield>
	</datafield>
	<datafield ind1=" " ind2=" " tag="500">
		<subfield code="a">Translation of: La propriété foncière en Égypte.</subfield>
	</datafield>
	<datafield ind1=" " ind2=" " tag="500">
		<subfield code="a">Part of the Arabic Collections Online (ACO) project, contributed by Princeton University Libraries.</subfield>
	</datafield>
	<datafield ind1=" " ind2=" " tag="533">
		<subfield code="a">Electronic reproduction.</subfield>
		<subfield code="b">New York, N.Y. :</subfield>
		<subfield code="c">New York University,</subfield>
		<subfield code="d">2019.</subfield>
		<subfield code="5">NNU</subfield>
	</datafield>
	<datafield ind1=" " ind2="0" tag="650">
		<subfield code="a">Land tenure</subfield>
		<subfield code="z">Egypt.</subfield>
	</datafield>
	<datafield ind1=" " ind2="0" tag="650">
		<subfield code="a">Taxation</subfield>
		<subfield code="z">Egypt.</subfield>
	</datafield>
	<datafield ind1=" " ind2="7" tag="650">
		<subfield code="a">Land tenure.</subfield>
		<subfield code="2">fast</subfield>
		<subfield code="0">(OCoLC)fst00991362</subfield>
	</datafield>
	<datafield ind1=" " ind2="7" tag="650">
		<subfield code="a">Taxation.</subfield>
		<subfield code="2">fast</subfield>
		<subfield code="0">(OCoLC)fst01143876</subfield>
	</datafield>
	<datafield ind1=" " ind2="7" tag="651">
		<subfield code="a">Egypt.</subfield>
		<subfield code="2">fast</subfield>
		<subfield code="0">(OCoLC)fst01208755</subfield>
	</datafield>
	<datafield ind1="1" ind2=" " tag="700">
		<subfield code="6">880-05</subfield>
		<subfield code="a">ʻAmmūn, Saʻīd.</subfield>
	</datafield>
	<datafield ind1="2" ind2=" " tag="710">
		<subfield code="a">Princeton University.</subfield>
		<subfield code="b">Library.</subfield>
	</datafield>
	<datafield ind1="0" ind2=" " tag="730">
		<subfield code="a">Arabic Collections Online.</subfield>
	</datafield>
	<datafield ind1="0" ind2="8" tag="776">
		<subfield code="i">Online version:</subfield>
		<subfield code="a">Artin, Yacoub, 1842-1919.</subfield>
		<subfield code="s">Propriété foncière en Égypte. Arabic.</subfield>
		<subfield code="t">Aḥkām al-marʻīyah fī shaʼn al-arāḍī al-Miṣrīyah.</subfield>
		<subfield code="b">al-Ṭabʻah 1.</subfield>
		<subfield code="d">[Cairo] : al-Maṭbaʻah al-Kubrá al-Amīrīyah, 1306 [1886 or 1887]</subfield>
		<subfield code="w">(OCoLC)655957040</subfield>
	</datafield>
	<datafield ind1="0" ind2="8" tag="776">
		<subfield code="i">Print version:</subfield>
		<subfield code="a">Artin, Yacoub, 1842-1919, author.</subfield>
		<subfield code="t">al-Aḥkām al-marʻīyah fī shaʼn al-arāḍī al-Miṣrīyah</subfield>
		<subfield code="w">(NjP)323141</subfield>
		<subfield code="w">(OCoLC)22755535</subfield>
	</datafield>
	<datafield ind1="4" ind2="0" tag="856">
		<subfield code="u">http://hdl.handle.net/2333.1/hdr7t16c</subfield>
	</datafield>
	<datafield ind1="1" ind2=" " tag="880">
		<subfield code="6">100-01</subfield>
		<subfield code="a">أرتين، يعقوب،</subfield>
		<subfield code="d">1842-1919،</subfield>
		<subfield code="e">author.</subfield>
	</datafield>
	<datafield ind1="1" ind2="2" tag="880">
		<subfield code="6">245-02</subfield>
		<subfield code="a">الاحكام المرعية في شأن الاراضي المصرية /</subfield>
		<subfield code="c">لمؤلفه صاحب السعادة يعقوب ارتين باشا، وكيل نظارة المعارف الجليلة سابقا والعضو الوطني الحالي في مجلس ادارة السكة الحديدية ؛ معرب بقلم الفقير إليه تعالى سعيد عمون، بمساعدة سعادة المؤلف.</subfield>
	</datafield>
	<datafield ind1=" " ind2=" " tag="880">
		<subfield code="6">250-03</subfield>
		<subfield code="a">الطبعة الأولى.</subfield>
	</datafield>
	<datafield ind1=" " ind2="1" tag="880">
		<subfield code="6">264-04</subfield>
		<subfield code="a">بولاق، مصر :</subfield>
		<subfield code="b">بالمطبعة الكبرى الاميرية ببولاق مصر المحمية،</subfield>
		<subfield code="c">1306 هجرية [1888]</subfield>
	</datafield>
	<datafield ind1="1" ind2=" " tag="880">
		<subfield code="6">700-05</subfield>
		<subfield code="a">عمون، سعيد.</subfield>
	</datafield>
	<datafield ind1=" " ind2=" " tag="959">
		<subfield code="a">NNU</subfield>
		<subfield code="b">WEB</subfield>
		<subfield code="c">GENI</subfield>
		<subfield code="t">0</subfield>
		<subfield code="m">Electronic access</subfield>
		<subfield code="s">01</subfield>
	</datafield>
	<datafield ind1=" " ind2=" " tag="999">
		<subfield code="i">NjP_323141</subfield>
		<subfield code="o">(OCoLC)ocm22755535 </subfield>
		<subfield code="s">princeton_aco003744:</subfield>
		<subfield code="e">(ERROR-880)</subfield>
	</datafield>
</record>
